<record><leader>00000cas a2200000 i 4500</leader><controlfield tag="001">33227657</controlfield><controlfield tag="008">951002d19021920scuwr ne      0    0eng c</controlfield><datafield ind1=" " ind2=" " tag="010"><subfield code="a">  2014226278</subfield></datafield><datafield ind1=" " ind2=" " tag="040"><subfield code="a">SZR</subfield><subfield code="b">eng</subfield><subfield code="e">rda</subfield><subfield code="c">SZR</subfield><subfield code="d">OCLCQ</subfield><subfield code="d">OCLCF</subfield><subfield code="d">OCLCO</subfield><subfield code="d">SUC</subfield><subfield code="d">OCL</subfield></datafield><datafield ind1=" " ind2=" " tag="042"><subfield code="a">pcc</subfield></datafield><datafield ind1=" " ind2=" " tag="043"><subfield code="a">n-us-sc</subfield></datafield><datafield ind1="0" ind2="0" tag="245"><subfield code="a">Spartanburg weekly herald.</subfield></datafield><datafield ind1="1" ind2=" " tag="246"><subfield code="i">Publisher's block title:</subfield><subfield code="a">Spartanburg herald</subfield></datafield><datafield ind1="3" ind2="0" tag="246"><subfield code="a">Weekly herald</subfield></datafield><datafield ind1=" " ind2="1" tag="264"><subfield code="a">[Spartanburg, South Carolina] :</subfield><subfield code="b">The Herald Publishing Co.</subfield></datafield><datafield ind1=" " ind2=" " tag="300"><subfield code="a">volumes</subfield></datafield><datafield ind1=" " ind2=" " tag="310"><subfield code="a">Weekly</subfield></datafield><datafield ind1=" " ind2=" " tag="336"><subfield code="a">text</subfield><subfield code="2">rdacontent</subfield></datafield><datafield ind1=" " ind2=" " tag="337"><subfield code="a">unmediated</subfield><subfield code="2">rdamedia</subfield></datafield><datafield ind1=" " ind2=" " tag="338"><subfield code="a">volume</subfield><subfield code="2">rdacarrier</subfield></datafield><datafield ind1="1" ind2=" " tag="362"><subfield code="a">Began in 1902? Ceased in 1920?</subfield></datafield><datafield ind1=" " ind2=" " tag="588"><subfield code="a">Description based on: January 17, 1905; title from masthead.</subfield></datafield><datafield ind1=" " ind2=" " tag="588"><subfield code="a">Latest issue consulted: June 26, 1907.</subfield></datafield><datafield ind1=" " ind2="0" tag="651"><subfield code="a">Spartanburg (S.C.)</subfield><subfield code="v">Newspapers.</subfield></datafield><datafield ind1=" " ind2="0" tag="651"><subfield code="a">Spartanburg County (S.C.)</subfield><subfield code="v">Newspapers.</subfield></datafield><datafield ind1=" " ind2="7" tag="651"><subfield code="a">South Carolina</subfield><subfield code="z">Spartanburg</subfield><subfield code="2">fast</subfield><subfield code="0">(OCoLC)fst01202729</subfield></datafield><datafield ind1=" " ind2="7" tag="651"><subfield code="a">South Carolina</subfield><subfield code="z">Spartanburg County.</subfield><subfield code="2">fast</subfield><subfield code="0">(OCoLC)fst01210992</subfield></datafield><datafield ind1=" " ind2="7" tag="655"><subfield code="a">Newspapers.</subfield><subfield code="2">fast</subfield><subfield code="0">(OCoLC)fst01423814</subfield></datafield><datafield ind1=" " ind2=" " tag="752"><subfield code="a">United States</subfield><subfield code="b">South Carolina</subfield><subfield code="c">Spartanburg</subfield><subfield code="d">Spartanburg.</subfield></datafield><datafield ind1="0" ind2=" " tag="775"><subfield code="t">Daily herald (Spartanburg, S.C. : 1890)</subfield><subfield code="w">(DLC)sn 86071068</subfield><subfield code="w">(OCoLC)13090878</subfield></datafield><datafield ind1="0" ind2="0" tag="780"><subfield code="t">Semi-weekly herald (Spartanburg, S.C.)</subfield><subfield code="w">(DLC)  2014226277</subfield><subfield code="w">(OCoLC)881469126</subfield></datafield></record>